<record><leader>00000cas a22000007a 4500</leader><controlfield tag="001">26570736</controlfield><controlfield tag="008">920910d1924192umouwr ne      0    0eng d</controlfield><datafield ind1=" " ind2=" " tag="010"><subfield code="a">sn 92058912 </subfield></datafield><datafield ind1=" " ind2=" " tag="040"><subfield code="a">MQN</subfield><subfield code="b">eng</subfield><subfield code="c">MQN</subfield><subfield code="d">OCLCQ</subfield></datafield><datafield ind1=" " ind2=" " tag="042"><subfield code="a">msc</subfield></datafield><datafield ind1="0" ind2="4" tag="245"><subfield code="a">The Atlanta radio.</subfield></datafield><datafield ind1=" " ind2=" " tag="260"><subfield code="a">Atlanta, Mo. :</subfield><subfield code="b">E.T. Barnes</subfield></datafield><datafield ind1=" " ind2=" " tag="300"><subfield code="a">v.</subfield></datafield><datafield ind1=" " ind2=" " tag="310"><subfield code="a">Weekly</subfield></datafield><datafield ind1="1" ind2=" " tag="362"><subfield code="a">Began in 1924? Ceased in 1925?</subfield></datafield><datafield ind1=" " ind2=" " tag="580"><subfield code="a">Issued with: La Plata republican, Jan. 15-Mar. 12, 1925.</subfield></datafield><datafield ind1=" " ind2=" " tag="588"><subfield code="a">Description based on: Vol. 1, no. 20 (Jan. 15, 1925).</subfield></datafield><datafield ind1=" " ind2="4" tag="651"><subfield code="a">Atlanta (Mo.)</subfield><subfield code="v">Newspapers.</subfield></datafield><datafield ind1=" " ind2="4" tag="651"><subfield code="a">Macon County (Mo.)</subfield><subfield code="v">Newspapers.</subfield></datafield><datafield ind1=" " ind2=" " tag="752"><subfield code="a">United States</subfield><subfield code="b">Missouri</subfield><subfield code="c">Macon</subfield><subfield code="d">Atlanta.</subfield></datafield><datafield ind1="1" ind2=" " tag="777"><subfield code="t">Plata republican</subfield><subfield code="w">(DLC)sn 89066224</subfield></datafield></record>